@inproceedings{wagner2017spin,
  author={Lucas Wagner and David Greve and Andrew Gacek},
  title={{SIMPAL}: A Compositional Reasoning Framework for Imperative Programs},
  booktitle={Proceedings of the 24th {ACM} {SIGSOFT} International {SPIN}
                  Symposium on Model Checking of Software},
  year=2017,
}

@inproceedings{fifarek2017nfm,
  author = {Aaron W. Fifarek and Lucas G. Wagner and Jonathan A. Hoffman and
                  Benjamin D. Rodes and M. Anthony Aiello and Jennifer A.
                  Davis},
  title = {SpeAR v2.0: Formalized Past {LTL} Specification and Analysis of Requirements},
  booktitle = {{NASA} Formal Methods -- 9th International Symposium, {NFM}
                  2017, Moffett Field, {CA}, {USA}, May 16-18, 2017,
                  Proceedings},
  year = {2017},
}

@inproceedings{champion2016cav,
  author="Champion, Adrien and Mebsout, Alain and Sticksel, Christoph and
                  Tinelli, Cesare",
  title="The {Kind} 2 Model Checker",
  booktitle="Computer Aided Verification: 28th International Conference, CAV
                  2016, Toronto, ON, Canada, July 17-23, 2016, Proceedings,
                  Part II",
  year="2016"
}

